<?xml version="1.0" encoding="UTF-8"?><collection xmlns="http://www.loc.gov/MARC21/slim"><record><leader>00569nam--2200205-u-4500</leader><controlfield tag="001">000052848</controlfield><controlfield tag="002">20161230</controlfield><controlfield tag="005">20161230201050</controlfield><controlfield tag="008">101123s1000------------r-----000-0-rus-d</controlfield><datafield ind1=" " ind2=" " tag="040"><subfield code="a">IFIN-HH</subfield></datafield><datafield ind1=" " ind2=" " tag="041"><subfield code="a">rus</subfield></datafield><datafield ind1=" " ind2=" " tag="080"><subfield code="a">535.6=03.20=82</subfield></datafield><datafield ind1="1" ind2=" " tag="100"><subfield code="a">Judd, Deane B</subfield></datafield><datafield ind1="1" ind2="0" tag="245"><subfield code="a">Tsvet v nauke i tehnike</subfield><subfield code="c">Deane b. judd; gunter wyszecki</subfield></datafield><datafield ind1=" " ind2=" " tag="260"><subfield code="a">Moskva</subfield><subfield code="b">Mir</subfield><subfield code="c">1978</subfield></datafield><datafield ind1=" " ind2=" " tag="300"><subfield code="a">592P</subfield></datafield><datafield ind1=" " ind2=" " tag="500"><subfield code="a">Titlul original in limba engleza: COLOR IN BUSINESS, SCIENCE AND INDUSTRY</subfield></datafield><datafield ind1="1" ind2=" " tag="700"><subfield code="a">Wyszecki, Gunter</subfield></datafield><datafield ind1=" " ind2=" " tag="852"><subfield code="a">47166</subfield><subfield code="c">535</subfield></datafield><datafield ind1=" " ind2=" " tag="CAT"><subfield code="a">Sys</subfield><subfield code="c">20101123</subfield><subfield code="h">125724</subfield></datafield></record></collection>